@article{Daw,
    author =       "Daw, Niv and Dayan, N.D.D, Y.N., P.D.",
    title =        "Uncertainty-based competition between prefrontal and dorsolateral striatal systems for behavioural control",
    journal =      "Nature Neuroscience",
    volume =       "8",
    number =       "12",
    pages =        "1704--1711",
    year =         "2005",
    URL =          "http://www.nature.com/neuro/journal/v8/n12/abs/nn1560.html"
}